<record xmlns="http://www.loc.gov/MARC21/slim" xmlns:xsi="http://www.w3.org/2001/XMLSchema-instance" xsi:schemaLocation="http://www.loc.gov/MARC21/slim http://www.loc.gov/standards/marcxml/schema/MARC21slim.xsd">

  <leader>00638nam a2200157Ia 4500</leader>
  <datafield tag="090" ind2=" " ind1=" ">
    <subfield code="a">CD #197</subfield>
  </datafield>
  <datafield tag="100" ind2=" " ind1=" ">
    <subfield code="a">Brenes Herrera, Ani</subfield>
  </datafield>
  <datafield ind2=" " tag="245" ind1=" ">
    <subfield code="a">Navidad en la huerta / </subfield>
    <subfield code="c">Ani Brenes Herrera</subfield>
  </datafield>
  <datafield ind2=" " tag="260" ind1=" ">
    <subfield code="a">San José ., Costa Rica : </subfield>
    <subfield code="b">UNED, </subfield>
    <subfield code="c">2010</subfield>
  </datafield>
  <datafield tag="300" ind2=" " ind1=" ">
    <subfield code="a">1 disco compacto</subfield>
  </datafield>
  <datafield ind1=" " ind2=" " tag="490">
    <subfield code="a">Mapachin</subfield>
  </datafield>
  <datafield ind1=" " tag="520" ind2=" ">
    <subfield code="a">"Navidad en la huerta" es una historia que rescata los valores ambientales y navideños. El amor, la solidaridad y la cooperación están presentes en este relato. Las plantas de la huerta se organizan y elaboran un portal para celebrar la navidad.  </subfield>
  </datafield>
  <datafield ind1=" " tag="650" ind2=" ">
    <subfield code="a">CUENTO</subfield>
  </datafield>
  <datafield tag="650" ind2=" " ind1=" ">
    <subfield code="a">LITERATURA INFANTIL</subfield>
  </datafield>
  <datafield ind1=" " ind2=" " tag="942">
    <subfield code="p">002249 </subfield>
  </datafield>
  <datafield ind1=" " tag="999" ind2=" ">
    <subfield code="c">2467</subfield>
    <subfield code="d">2467</subfield>
  </datafield>
</record>